@inproceedings{bertout2020workload,
  title={Workload assignment for global real-time scheduling on unrelated multicore platforms},
  author={Bertout, Antoine and Goossens, Jo{\"e}l and Grolleau, Emmanuel and Poczekajlo, Xavier},
  booktitle={Proceedings of the 28th International Conference on Real-Time Networks and Systems},
  pages={139--148},
  year={2020}
}
@phdthesis{brandenburg2011scheduling,
  title={Scheduling and locking in multiprocessor real-time operating systems},
  author={Brandenburg, Bjorn B},
  year={2011},
  school={The University of North Carolina at Chapel Hill}
}
@inproceedings{brandenburg2007feather,
  title={Feather-trace: A lightweight event tracing toolkit},
  author={Brandenburg, B and Anderson, J},
  booktitle={Proceedings of the third international workshop on operating systems platforms for embedded real-time applications},
  pages={19--28},
  year={2007},
  organization={Citeseer}
}